<collection xmlns="http://www.loc.gov/MARC21/slim"><record><leader>01317nam  2200349   450</leader><controlfield tag="001">127</controlfield><controlfield tag="003">http://montalegre.opacnet.com/OPAC/default.aspx?ContentAreaControl=ShowRegHoldings.ascx&amp;RegNo=16662</controlfield><controlfield tag="005">20</controlfield><datafield tag="021" ind1=" " ind2=" "><subfield code="a">PT</subfield><subfield code="b">22323/88</subfield></datafield><datafield tag="021" ind1=" " ind2=" "><subfield code="a">PT</subfield><subfield code="b">25438/89</subfield></datafield><datafield tag="021" ind1=" " ind2=" "><subfield code="a">PT</subfield><subfield code="b">28.297/89</subfield></datafield><datafield tag="095" ind1=" " ind2=" "><subfield code="a">PTBN00129905</subfield></datafield><datafield tag="100" ind1=" " ind2=" "><subfield code="a">20061013g1988    m  y0pora010305  ba</subfield></datafield><datafield tag="101" ind1="1" ind2=" "><subfield code="a">por</subfield><subfield code="c">ger</subfield></datafield><datafield tag="102" ind1=" " ind2=" "><subfield code="a">PT</subfield></datafield><datafield tag="105" ind1=" " ind2=" "><subfield code="a">y   z   001ay</subfield></datafield><datafield tag="106" ind1=" " ind2=" "><subfield code="a">r</subfield></datafield><datafield tag="200" ind1="1" ind2=" "><subfield code="a">&lt;Os &gt;sonâmbulos</subfield><subfield code="f">Hermann Broch</subfield><subfield code="g">trad. António Ferreira Marques, Jorge Camacho</subfield></datafield><datafield tag="210" ind1=" " ind2=" "><subfield code="a">Lisboa</subfield><subfield code="c">Edições 70</subfield><subfield code="d">D.L. 1988-1989</subfield></datafield><datafield tag="215" ind1=" " ind2=" "><subfield code="a">3 v</subfield><subfield code="d">24 cm</subfield></datafield><datafield tag="225" ind1="2" ind2=" "><subfield code="a">Caligrafias</subfield><subfield code="v">7, 11, 13</subfield></datafield><datafield tag="327" ind1="1" ind2=" "><subfield code="a">1. v. : Pasenow ou o romantismo. - 167, [1] p</subfield><subfield code="a">2. v. : Esch ou a anarquia. - 215, [1] p</subfield><subfield code="a">3. v. : Huguenau ou o realismo. - 310 p</subfield></datafield><datafield tag="675" ind1=" " ind2=" "><subfield code="a">821</subfield><subfield code="v">BN</subfield><subfield code="z">por</subfield></datafield><datafield tag="700" ind1=" " ind2="1"><subfield code="a">Broch</subfield><subfield code="b">Hermann</subfield><subfield code="f">1886-1951</subfield></datafield><datafield tag="702" ind1=" " ind2="1"><subfield code="a">Marques</subfield><subfield code="b">António Ferreira</subfield><subfield code="4">730</subfield></datafield><datafield tag="702" ind1=" " ind2="1"><subfield code="a">Camacho</subfield><subfield code="b">Jorge</subfield><subfield code="4">730</subfield></datafield><datafield tag="801" ind1=" " ind2="0"><subfield code="a">PT</subfield><subfield code="b">Biblioteca Municipal de Montalegre</subfield><subfield code="g">RPC</subfield></datafield><datafield tag="856" ind1=" " ind2=" "><subfield code="u">locateMedia.asp?cod=20060509113803&amp;ext=jpg</subfield><subfield code="z">CAPA</subfield></datafield><datafield tag="856" ind1=" " ind2=" "><subfield code="u">locateMedia.asp?cod=20060509113830&amp;ext=jpg</subfield><subfield code="z">CAPA</subfield></datafield><datafield tag="856" ind1=" " ind2=" "><subfield code="u">locateMedia.asp?cod=20060509113847&amp;ext=jpg</subfield><subfield code="z">CAPA</subfield></datafield><datafield tag="909" ind1="&#9;" ind2=" "><subfield code="a">3</subfield></datafield><datafield tag="966" ind1=" " ind2=" "><subfield code="a">0008307</subfield><subfield code="d">1º vol.</subfield><subfield code="l">BMM</subfield><subfield code="s">SCG 821 BRO son 7 Vol.I</subfield></datafield><datafield tag="966" ind1=" " ind2=" "><subfield code="a">0008400</subfield><subfield code="d">2º vol.</subfield><subfield code="l">BMM</subfield><subfield code="s">SCG 821 BRO son 11 Vol.II</subfield></datafield><datafield tag="966" ind1=" " ind2=" "><subfield code="a">0008867</subfield><subfield code="d">3º vol.</subfield><subfield code="l">BMM</subfield><subfield code="s">SCG 821 BRO son 13 Vol.III</subfield></datafield></record></collection>